<collection xmlns="http://www.loc.gov/MARC21/slim">
<record>
  <leader>00462dz  a2200133n  4500</leader>
  <controlfield tag="001">11219481</controlfield>
  <controlfield tag="005">20200102095058.0</controlfield>
  <controlfield tag="008">191111n| azannaabn          |n aaa     c</controlfield>
  <datafield tag="010" ind1=" " ind2=" ">
    <subfield code="a">no2019166746</subfield>
  </datafield>
  <datafield tag="035" ind1=" " ind2=" ">
    <subfield code="a">(OCoLC)oca12565287</subfield>
  </datafield>
  <datafield tag="040" ind1=" " ind2=" ">
    <subfield code="a">IlMpPL</subfield>
    <subfield code="b">eng</subfield>
    <subfield code="e">rda</subfield>
    <subfield code="c">IlMpPL</subfield>
  </datafield>
  <datafield tag="100" ind1="1" ind2=" ">
    <subfield code="a">Dalvand, Reza</subfield>
  </datafield>
  <datafield tag="374" ind1=" " ind2=" ">
    <subfield code="a">Illustrators</subfield>
    <subfield code="2">lcsh</subfield>
  </datafield>
  <datafield tag="670" ind1=" " ind2=" ">
    <subfield code="a">Brown, D. The day of your arrival, 2019:</subfield>
    <subfield code="b">title page (Dolores Brown ; Reza Dalvand) page opposite title page (©Illustrations: Reza Dalvand, 2019)</subfield>
  </datafield>
</record>