
<record>
  <leader>00955dz  a2200193n  4500</leader>
  <controlfield tag="001">10962894</controlfield>
  <controlfield tag="005">20200102102501.0</controlfield>
  <controlfield tag="008">190128n| azannaabn          |a aaa     c</controlfield>
  <datafield tag="010" ind1=" " ind2=" ">
    <subfield code="a">no2019014122</subfield>
  </datafield>
  <datafield tag="035" ind1=" " ind2=" ">
    <subfield code="a">(OCoLC)oca11769333</subfield>
  </datafield>
  <datafield tag="040" ind1=" " ind2=" ">
    <subfield code="a">CaBVa</subfield>
    <subfield code="b">eng</subfield>
    <subfield code="e">rda</subfield>
    <subfield code="c">CaBVa</subfield>
  </datafield>
  <datafield tag="046" ind1=" " ind2=" ">
    <subfield code="f">1965-10-06</subfield>
    <subfield code="2">edtf</subfield>
  </datafield>
  <datafield tag="100" ind1="1" ind2=" ">
    <subfield code="a">Scalise, Steve,</subfield>
    <subfield code="d">1965-</subfield>
  </datafield>
  <datafield tag="370" ind1=" " ind2=" ">
    <subfield code="a">Jefferson Parish (La.)</subfield>
    <subfield code="2">naf</subfield>
  </datafield>
  <datafield tag="373" ind1=" " ind2=" ">
    <subfield code="a">Republican Party (U.S. : 1854- )</subfield>
    <subfield code="2">naf</subfield>
  </datafield>
  <datafield tag="374" ind1=" " ind2=" ">
    <subfield code="a">Legislators</subfield>
    <subfield code="2">lcsh</subfield>
    <subfield code="s">2008</subfield>
  </datafield>
  <datafield tag="400" ind1="1" ind2=" ">
    <subfield code="a">Scalise, Stephen Joseph,</subfield>
    <subfield code="d">1965-</subfield>
  </datafield>
  <datafield tag="670" ind1=" " ind2=" ">
    <subfield code="a">Back in the game, 2018:</subfield>
    <subfield code="b">title page (Steve Scalise) about the authors (Congressman Steve Scalise was elected to the US Congress in May 2008. A native of Jefferson Parish, Louisiana.)</subfield>
  </datafield>
  <datafield tag="670" ind1=" " ind2=" ">
    <subfield code="a">Wikipedia, viewed January 28, 2019</subfield>
    <subfield code="b">(Steve Scalise. Stephen Joseph Scalise (born October 6, 1965) is the current United States House of Representatives Minority Whip and representative for Louisiana&apos;s 1st congressional district, serving since 2008.)</subfield>
  </datafield>
</record>