
<record>
  <leader>00491dz  a2200121n  4500</leader>
  <controlfield tag="001">11188513</controlfield>
  <controlfield tag="005">20200102112749.0</controlfield>
  <controlfield tag="008">191007n| azannaabn          |n aaa      </controlfield>
  <datafield tag="010" ind1=" " ind2=" ">
    <subfield code="a">n 2019060197</subfield>
  </datafield>
  <datafield tag="040" ind1=" " ind2=" ">
    <subfield code="a">DLC</subfield>
    <subfield code="b">eng</subfield>
    <subfield code="e">rda</subfield>
    <subfield code="c">DLC</subfield>
  </datafield>
  <datafield tag="100" ind1="1" ind2=" ">
    <subfield code="a">Househ, Mowafa S.</subfield>
  </datafield>
  <datafield tag="373" ind1=" " ind2=" ">
    <subfield code="a">Jāmiʻat Ḥamad ibn Khalīfah</subfield>
    <subfield code="2">lcnaf</subfield>
  </datafield>
  <datafield tag="670" ind1=" " ind2=" ">
    <subfield code="a">Health informatics vision, 2019:</subfield>
    <subfield code="b">t.p. (Mowafa S. Househ, Information and Computing Technology Division, College of Science and Engineering, Hamad Bin Khalifa University (HBKU), Doha, Qatar)</subfield>
  </datafield>
</record>