
<record>
  <leader>00714dz  a2200133n  4500</leader>
  <controlfield tag="001">11256653</controlfield>
  <controlfield tag="005">20200102112843.0</controlfield>
  <controlfield tag="008">191231n| azannaabn          |n aaa      </controlfield>
  <datafield tag="010" ind1=" " ind2=" ">
    <subfield code="a">n 2019074487</subfield>
  </datafield>
  <datafield tag="040" ind1=" " ind2=" ">
    <subfield code="a">DLC</subfield>
    <subfield code="b">eng</subfield>
    <subfield code="e">rda</subfield>
    <subfield code="c">DLC</subfield>
    <subfield code="d">DLC</subfield>
  </datafield>
  <datafield tag="100" ind1="1" ind2=" ">
    <subfield code="a">Kent, Leland</subfield>
  </datafield>
  <datafield tag="377" ind1=" " ind2=" ">
    <subfield code="a">eng</subfield>
  </datafield>
  <datafield tag="670" ind1=" " ind2=" ">
    <subfield code="a">Abandoned North Florida, 2019:</subfield>
    <subfield code="b">title page (Leland Kent) page 4 of cover (photographer)</subfield>
  </datafield>
  <datafield tag="670" ind1=" " ind2=" ">
    <subfield code="a">Arcadia publishing website, December 31, 2019:</subfield>
    <subfield code="b">Abandoned North Florida&gt;Author (ELAND KENT grew up in Birmingham, Alabama; bachelor&apos;s degree, University of Alabama at Birmingham; later became a self-taught photographer; created a blog, Abandoned Southeast, in 2016 to document and share the urban ruins he has explored; urrently lives in Florida)</subfield>
  </datafield>
</record>