
<record>
  <leader>00576dz  a2200133n  4500</leader>
  <controlfield tag="001">6966940</controlfield>
  <controlfield tag="005">20200102143450.0</controlfield>
  <controlfield tag="008">060823n| acannaabn          |n aaa     c</controlfield>
  <datafield tag="010" ind1=" " ind2=" ">
    <subfield code="a">no2006099016</subfield>
  </datafield>
  <datafield tag="035" ind1=" " ind2=" ">
    <subfield code="a">(OCoLC)oca07054345</subfield>
  </datafield>
  <datafield tag="040" ind1=" " ind2=" ">
    <subfield code="a">FU</subfield>
    <subfield code="b">eng</subfield>
    <subfield code="c">FU</subfield>
    <subfield code="d">MnU</subfield>
  </datafield>
  <datafield tag="100" ind1="1" ind2=" ">
    <subfield code="a">Oswatitsch, K.</subfield>
  </datafield>
  <datafield tag="667" ind1=" " ind2=" ">
    <subfield code="a">Duplicate authority, reported to LC for deletion November 26, 2019 in favor of n  80098505, Oswatitsch, Klaus.</subfield>
  </datafield>
  <datafield tag="670" ind1=" " ind2=" ">
    <subfield code="a">Theoretical analysis of stationary potential flows and boundary layers at high speed, 1948:</subfield>
    <subfield code="b">t.p. (K. Oswatitsch, National Advisory Committee for Aeronautics, Washington, D.C.)</subfield>
  </datafield>
</record>