
<record>
  <leader>00629dz  a2200157n  4500</leader>
  <controlfield tag="001">1468248</controlfield>
  <controlfield tag="005">20200102144420.0</controlfield>
  <controlfield tag="008">820401n| acannaabn          |n aaa      </controlfield>
  <datafield tag="010" ind1=" " ind2=" ">
    <subfield code="a">n  82043949 </subfield>
  </datafield>
  <datafield tag="035" ind1=" " ind2=" ">
    <subfield code="a">(OCoLC)oca00740943</subfield>
  </datafield>
  <datafield tag="040" ind1=" " ind2=" ">
    <subfield code="a">DLC</subfield>
    <subfield code="b">eng</subfield>
    <subfield code="c">DLC</subfield>
    <subfield code="d">DLC</subfield>
    <subfield code="d">MnU</subfield>
  </datafield>
  <datafield tag="100" ind1="1" ind2=" ">
    <subfield code="a">Gidmark, Jill B.</subfield>
  </datafield>
  <datafield tag="667" ind1=" " ind2=" ">
    <subfield code="a">Reported to LC for deletion November 4, 2019, in favor of n 2006089163 (Barnum, Jill, 1947-2006)</subfield>
  </datafield>
  <datafield tag="670" ind1=" " ind2=" ">
    <subfield code="a">Her Melville sea dictionary, c1982:</subfield>
    <subfield code="b">CIP t.p. (Jill B. Gidmark)</subfield>
  </datafield>
  <datafield tag="670" ind1=" " ind2=" ">
    <subfield code="a">Encyclopedia of American literature of the sea and Great Lakes, 2000:</subfield>
    <subfield code="b">CIP t.p. (Jill B. Gidmark) data sheet (b. Nov. 22, 1947)</subfield>
  </datafield>
  <datafield tag="953" ind1=" " ind2=" ">
    <subfield code="a">ba07</subfield>
    <subfield code="b">lh02</subfield>
  </datafield>
</record>