
<record>
  <leader>01180dz  a2200181n  4500</leader>
  <controlfield tag="001">11081286</controlfield>
  <controlfield tag="005">20200102152802.0</controlfield>
  <controlfield tag="008">190607n| azannaabn          |a ana      </controlfield>
  <datafield tag="010" ind1=" " ind2=" ">
    <subfield code="a">no2019084397</subfield>
  </datafield>
  <datafield tag="035" ind1=" " ind2=" ">
    <subfield code="a">(OCoLC)oca12145788</subfield>
  </datafield>
  <datafield tag="040" ind1=" " ind2=" ">
    <subfield code="a">DLC-S</subfield>
    <subfield code="b">eng</subfield>
    <subfield code="e">rda</subfield>
    <subfield code="c">DLC-S</subfield>
    <subfield code="d">MnU</subfield>
  </datafield>
  <datafield tag="046" ind1=" " ind2=" ">
    <subfield code="s">1948</subfield>
    <subfield code="2">edtf</subfield>
  </datafield>
  <datafield tag="110" ind1="2" ind2=" ">
    <subfield code="a">Operational Research Society</subfield>
  </datafield>
  <datafield tag="410" ind1="2" ind2=" ">
    <subfield code="a">OR Society</subfield>
  </datafield>
  <datafield tag="410" ind1="2" ind2=" ">
    <subfield code="a">OR Club</subfield>
  </datafield>
  <datafield tag="667" ind1=" " ind2=" ">
    <subfield code="a">Reported to LC for deletion November 25, 2019, in favor of nb2006015464 (Operational Research Club (Great Britain)) and n  85076053 (Operational Research Society (Great Britain))</subfield>
  </datafield>
  <datafield tag="670" ind1=" " ind2=" ">
    <subfield code="a">Journal of business analytics website, viewed June 7, 2019:</subfield>
    <subfield code="b">homepage (The Journal of Business Analytics is an official journal of the Operational Research Society)</subfield>
    <subfield code="u">https://www.tandfonline.com/action/journalInformation?show=aimsScope&amp;journalCode=tjba20</subfield>
  </datafield>
  <datafield tag="670" ind1=" " ind2=" ">
    <subfield code="a">Operational Research Society website, viewed June 7, 2019:</subfield>
    <subfield code="b">Who We Are page (History of The OR Society...The OR Club, the world&apos;s first body set up to cater for the operational research profession, was duly inaugurated in April 1948 with an initial membership of fifty.)</subfield>
    <subfield code="u">https://www.theorsociety.com/who-we-are/history-of-the-or-society/</subfield>
  </datafield>
</record>