
<record>
  <leader>00647dz  a2200157n  4500</leader>
  <controlfield tag="001">11135236</controlfield>
  <controlfield tag="005">20200102191752.0</controlfield>
  <controlfield tag="008">190807n| acannaabn          |n aaa      </controlfield>
  <datafield tag="010" ind1=" " ind2=" ">
    <subfield code="a">n 2019047082</subfield>
  </datafield>
  <datafield tag="040" ind1=" " ind2=" ">
    <subfield code="a">DLC</subfield>
    <subfield code="b">eng</subfield>
    <subfield code="c">DLC</subfield>
    <subfield code="e">rda</subfield>
  </datafield>
  <datafield tag="046" ind1=" " ind2=" ">
    <subfield code="f">1959</subfield>
    <subfield code="2">edtf</subfield>
  </datafield>
  <datafield tag="100" ind1="1" ind2=" ">
    <subfield code="a">Davis, Taylor,</subfield>
    <subfield code="d">1959-</subfield>
  </datafield>
  <datafield tag="370" ind1=" " ind2=" ">
    <subfield code="a">Palm Springs (Calif.)</subfield>
    <subfield code="e">Boston (Mass.)</subfield>
    <subfield code="2">naf</subfield>
  </datafield>
  <datafield tag="374" ind1=" " ind2=" ">
    <subfield code="a">Artists</subfield>
    <subfield code="a">Sculptors</subfield>
    <subfield code="a">Art teachers</subfield>
    <subfield code="2">lcsh</subfield>
  </datafield>
  <datafield tag="670" ind1=" " ind2=" ">
    <subfield code="a">Davis, Cherubini, 2009.</subfield>
  </datafield>
  <datafield tag="670" ind1=" " ind2=" ">
    <subfield code="a">Wikipedia, August 7, 2019</subfield>
    <subfield code="b">(Taylor Davis; b. 1959, Palm Springs, California; residence: Boston Massachusetts; American artist and teacher, best known for her innovative wood sculptures; Davis, Cherubini, in contention)</subfield>
  </datafield>
</record>