
<record>
  <leader>00467dz  a2200157n  4500</leader>
  <controlfield tag="001">4002405</controlfield>
  <controlfield tag="005">20200102210433.0</controlfield>
  <controlfield tag="008">911211n| azannaabn          |n aaa     c</controlfield>
  <datafield tag="010" ind1=" " ind2=" ">
    <subfield code="a">nr 91044223 </subfield>
  </datafield>
  <datafield tag="035" ind1=" " ind2=" ">
    <subfield code="a">(OCoLC)oca03075590</subfield>
  </datafield>
  <datafield tag="040" ind1=" " ind2=" ">
    <subfield code="a">NjP</subfield>
    <subfield code="b">eng</subfield>
    <subfield code="e">rda</subfield>
    <subfield code="c">NjP</subfield>
    <subfield code="d">NNFr</subfield>
  </datafield>
  <datafield tag="100" ind1="1" ind2=" ">
    <subfield code="a">Frankensteinová, Hana</subfield>
  </datafield>
  <datafield tag="667" ind1=" " ind2=" ">
    <subfield code="a">Reported for deletion in favor of n  83001094</subfield>
  </datafield>
  <datafield tag="670" ind1=" " ind2=" ">
    <subfield code="a">Her Max Švabinsky, 1949-:</subfield>
    <subfield code="b">díl 3, t.p. (Hana Frankensteinová)</subfield>
  </datafield>
  <datafield tag="953" ind1=" " ind2=" ">
    <subfield code="a">xx00</subfield>
  </datafield>
  <datafield tag="985" ind1=" " ind2=" ">
    <subfield code="c">RLIN</subfield>
    <subfield code="e">LSPC</subfield>
  </datafield>
</record>