
<record>
  <leader>00440dz  a2200133n  4500</leader>
  <controlfield tag="001">6822949</controlfield>
  <controlfield tag="005">20200102213301.0</controlfield>
  <controlfield tag="008">060412n| acannaabn          |n aaa     c</controlfield>
  <datafield tag="010" ind1=" " ind2=" ">
    <subfield code="a">no2006038345</subfield>
  </datafield>
  <datafield tag="035" ind1=" " ind2=" ">
    <subfield code="a">(OCoLC)oca06912852</subfield>
  </datafield>
  <datafield tag="040" ind1=" " ind2=" ">
    <subfield code="a">ICU</subfield>
    <subfield code="b">eng</subfield>
    <subfield code="c">ICU</subfield>
    <subfield code="d">DNGA</subfield>
  </datafield>
  <datafield tag="100" ind1="1" ind2=" ">
    <subfield code="a">Keene, Paul,</subfield>
    <subfield code="d">1920-</subfield>
  </datafield>
  <datafield tag="667" ind1=" " ind2=" ">
    <subfield code="a">Duplicate record: reported for deletion in favor of nr2006004966</subfield>
  </datafield>
  <datafield tag="670" ind1=" " ind2=" ">
    <subfield code="a">Paul Keene, 2005:</subfield>
    <subfield code="b">t.p. (Paul Keene) p. 74 (b. 1920, Philadelphia, PA; artist)</subfield>
  </datafield>
</record>