
<record>
  <leader>00675dz  a2200181n  4500</leader>
  <controlfield tag="001">2449038</controlfield>
  <controlfield tag="005">20200102214006.0</controlfield>
  <controlfield tag="008">850206n| acannaabn          |a ana      </controlfield>
  <datafield tag="010" ind1=" " ind2=" ">
    <subfield code="a">n  84200237 </subfield>
  </datafield>
  <datafield tag="035" ind1=" " ind2=" ">
    <subfield code="a">(OCoLC)oca01297842</subfield>
  </datafield>
  <datafield tag="040" ind1=" " ind2=" ">
    <subfield code="a">DLC</subfield>
    <subfield code="b">eng</subfield>
    <subfield code="c">DLC</subfield>
    <subfield code="d">DNGA</subfield>
  </datafield>
  <datafield tag="110" ind1="2" ind2=" ">
    <subfield code="a">Anežský klášter (Museum)</subfield>
  </datafield>
  <datafield tag="410" ind1="2" ind2=" ">
    <subfield code="a">Anežky klášter (Museum)</subfield>
  </datafield>
  <datafield tag="410" ind1="2" ind2=" ">
    <subfield code="a">Klášter blahoslavené Anežky (Museum)</subfield>
  </datafield>
  <datafield tag="667" ind1=" " ind2=" ">
    <subfield code="a">Duplicate record; reported for deletion in favor of no 99026196</subfield>
  </datafield>
  <datafield tag="670" ind1=" " ind2=" ">
    <subfield code="a">Kohl, L. Ludvík Kohl, 1746-1821, 1984:</subfield>
    <subfield code="b">t.p. (Anežský klášter)</subfield>
  </datafield>
  <datafield tag="670" ind1=" " ind2=" ">
    <subfield code="a">Pražský informátor, 1976:</subfield>
    <subfield code="b">p. 95 (under Kláštery: blahoslavené Anežky)</subfield>
  </datafield>
  <datafield tag="953" ind1=" " ind2=" ">
    <subfield code="a">ee20</subfield>
  </datafield>
</record>
</collection>
